<?xml version="1.0" encoding="UTF-8"?><collection xmlns="http://www.loc.gov/MARC21/slim"><record><leader>00437nam--2200169-i-4500</leader><controlfield tag="001">000013250</controlfield><controlfield tag="002">20161230</controlfield><controlfield tag="005">20170115220934</controlfield><controlfield tag="008">060222s1000------------r-----000-0-eng-d</controlfield><datafield ind1=" " ind2=" " tag="080"><subfield code="a">577.33</subfield></datafield><datafield ind1=" " ind2=" " tag="245"><subfield code="a">Tunneling in biological systems</subfield></datafield><datafield ind1=" " ind2=" " tag="260"><subfield code="a">New York</subfield><subfield code="b">Academic Press</subfield><subfield code="c">1979</subfield></datafield><datafield ind1=" " ind2=" " tag="300"><subfield code="a">XVIII+758 p</subfield></datafield><datafield ind1=" " ind2=" " tag="490"><subfield code="a">Johnson Research Foundation Coloquia</subfield></datafield><datafield ind1=" " ind2=" " tag="700"><subfield code="a">Marcus, R. A</subfield></datafield><datafield ind1=" " ind2=" " tag="852"><subfield code="a">47970</subfield></datafield><datafield ind1=" " ind2=" " tag="CAT"><subfield code="a">SYS</subfield><subfield code="c">20170115</subfield><subfield code="h">220934</subfield></datafield></record></collection>